@article{shimizu2022efficiency,
  title={Efficiency optimization design that considers control of interior permanent magnet synchronous motors based on machine learning for automotive application},
  author={Shimizu, Yuki},
  journal={IEEE Access},
  volume={11},
  pages={41--49},
  year={2022},
  publisher={IEEE}
}

@misc{barretoleme2025icmotores,
  author       = {Bianca Barreto Leme},
  title        = {Iniciação Científica - Modelos Básicos para IPMSMs},
  year         = {2025},
  howpublished = {\url{https://github.com/barretoeleme/ic_motores}},
}